
<record>
   <leader>00765cam a2200205u  4500</leader>
   <controlfield tag="001">4980164</controlfield>
   <controlfield tag="005">20061216211346.0</controlfield>
   <controlfield tag="008">060302s1925    ja |||||||||||||||||jpn|d</controlfield>
   <datafield ind1=" " ind2=" " tag="035">
      <subfield code="a">(idCotsen)100634</subfield>
   </datafield>
   <datafield ind1=" " ind2=" " tag="035">
      <subfield code="a">(CTSN)1006695</subfield>
   </datafield>
   <datafield ind1=" " ind2=" " tag="035">
      <subfield code="a">(cotsendb)86105</subfield>
   </datafield>
   <datafield ind1="1" ind2="0" tag="245">
      <subfield code="a">Jusando sono yon (The thirteen children, vol. 4).</subfield>
   </datafield>
   <datafield ind1=" " ind2=" " tag="260">
      <subfield code="a">[Tokyo].</subfield>
      <subfield code="b">[s.n.].</subfield>
      <subfield code="c">1925.</subfield>
   </datafield>
   <datafield ind1=" " ind2=" " tag="300">
      <subfield code="a">[26] p. (double leaves) : col. ill. ; 16 x 12 cm.</subfield>
   </datafield>
   <datafield ind1=" " ind2=" " tag="500">
      <subfield code="a">Personal daiary of journey through stations of Tokaido-sen(Tokaido Rail Way).</subfield>
   </datafield>
   <datafield ind1=" " ind2=" " tag="500">
      <subfield code="a">With collectable and comemorable tags and labels in Taisho period.</subfield>
   </datafield>
   <datafield ind1=" " ind2=" " tag="500">
      <subfield code="a">Title from cover.</subfield>
   </datafield>
   <datafield ind1=" " ind2=" " tag="563">
      <subfield code="a">Col. ill. wraps with purple silk codes.</subfield>
   </datafield>
   <datafield ind1=" " ind2=" " tag="653">
      <subfield code="a">Japanese.</subfield>
   </datafield>
   <datafield ind1="8" ind2=" " tag="852">
      <subfield code="b">ctsn</subfield>
      <subfield code="c">Pams / NR / Japanese / Box 33</subfield>
       <subfield code="h">100634</subfield>
      <subfield code="p">32101052878509</subfield>
   </datafield>
</record>
</collection>
